@article{Shekhar2016,
    title = {{Comprehensive Classification of Retinal Bipolar Neurons by Single-Cell Transcriptomics}},
    year = {2016},
    journal = {Cell},
    author = {Shekhar, Karthik and Lapan, Sylvain W. and Whitney, Irene E. and Tran, Nicholas M. and Macosko, Evan Z. and Kowalczyk, Monika and Adiconis, Xian and Levin, Joshua Z. and Nemesh, James and Goldman, Melissa and McCarroll, Steven A. and Cepko, Constance L. and Regev, Aviv and Sanes, Joshua R.},
    isbn = {1097-4172 (Electronic)0092-8674 (Linking)},
    doi = {10.1016/j.cell.2016.07.054},
    issn = {10974172},
    pmid = {27565351}
}

@article{Ruchansky2017,
    title = {{CSI: A Hybrid Deep Model for Fake News Detection}},
    year = {2017},
    author = {Ruchansky, Natali and Seo, Sungyong and Liu, Yan},
    isbn = {9781450335492},
    doi = {10.1145/3132847.3132877},
    issn = {15232867},
    arxivId = {1703.06959}
}

@article{DiFranzo2017,
    title = {{Filter bubbles and fake news}},
    year = {2017},
    journal = {XRDS: Crossroads, The ACM Magazine for Students},
    author = {DiFranzo, Dominic and Gloria-Garcia, Kristine},
    doi = {10.1145/3055153},
    issn = {15284972}
}

@article{Kant2014,
    title = {{Giving the “Viewser” a Voice? Situating the Individual in Relation to Personalization, Narrowcasting, and Public Service Broadcasting}},
    year = {2014},
    journal = {Journal of Broadcasting {\&} Electronic Media},
    author = {Kant, Tanya},
    number = {3},
    pages = {381--399},
    volume = {58},
    publisher = {Routledge},
    url = {https://doi.org/10.1080/08838151.2014.935851},
    doi = {10.1080/08838151.2014.935851}
}

@article{Allcott2017,
    title = {{Social Media and Fake News in the 2016 Election}},
    year = {2017},
    journal = {Journal of Economic Perspectives},
    author = {Allcott, Hunt and Gentzkow, Matthew},
    isbn = {01918869},
    doi = {10.1257/jep.31.2.211},
    issn = {0895-3309},
    arxivId = {1704.07506}
}

@article{Zhang2016,
    title = {{Social media security and trustworthiness: Overview and new direction}},
    year = {2016},
    journal = {Future Generation Computer Systems},
    author = {Zhang, Zhiyong and Gupta, Brij B},
    doi = {10.1016/j.future.2016.10.007},
    keywords = {Crowd computing, Measurement, Security, Social media networks, Trustworthiness}
}

@article{Zhou,
    title = {{The Impact of YouTube Recommendation System on Video Views}},
    author = {Zhou, Renjie and Khemmarat, Samamon and Gao, Lixin},
    keywords = {General, H35 [Information Storage and Retrieval], Human Factors Keywords Video Sharing Site, Recommendation System, View Diversity, View Sources, YouTube}
}

@misc{Garrett2017,
    title = {{The “Echo Chamber” Distraction: Disinformation Campaigns are the Problem, Not Audience Fragmentation}},
    year = {2017},
    booktitle = {Journal of Applied Research in Memory and Cognition},
    author = {Garrett, R. Kelly},
    doi = {10.1016/j.jarmac.2017.09.011},
    issn = {22113681},
    keywords = {Communication, Disinformation, Echo chamber, Filter bubble, Information, Misinformation, Recommender system, Technology}
}

@article{Massa,
    title = {{Trust-aware Recommender Systems}},
    author = {Massa, Paolo and Avesani, Paolo},
    keywords = {Experimentation, Information filtering General Terms Algorithms}
}

@article{Bessi2016,
    title = {{Users polarization on Facebook and Youtube}},
    year = {2016},
    journal = {PLoS ONE},
    author = {Bessi, Alessandro and Zollo, Fabiana and Del Vicario, Michela and Puliga, Michelangelo and Scala, Antonio and Caldarelli, Guido and Uzzi, Brian and Quattrociocchi, Walter},
    isbn = {1932-6203},
    doi = {10.1371/journal.pone.0159641},
    issn = {19326203},
    pmid = {27551783},
    arxivId = {1604.02705}
}

@article{May2010,
    title = {{Who Tube? How YouTube's News and Politics Space Is Going Mainstream}},
    year = {2010},
    journal = {International Journal of Press/Politics},
    author = {May, Albert L.},
    doi = {10.1177/1940161210382861},
    issn = {19401612},
    keywords = {Associated Press, Fox News, Glenn Beck, Hulu.com, Obama, Talking Points Memo, YouTube, cable talk, copyright, online video, political media, television online}
}

@article{Marchi2012,
    title = {{With Facebook, blogs, and fake news, teens reject journalistic "objectivity"}},
    year = {2012},
    journal = {Journal of Communication Inquiry},
    author = {Marchi, Regina},
    isbn = {0196-8599},
    doi = {10.1177/0196859912458700},
    issn = {01968599},
    keywords = {Facebook, civic engagement, fake news, objectivity, youth and news}
}

@article{3_kiselev_hemberg,
    title = {{3{\_}kiselev{\_}hemberg}}
}

@incollection{Hole2008ADevelopment,
    title = {{A Case Study of Coordination in Distributed Agile Software Development}},
    year = {2008},
    booktitle = {Software Process Improvement},
    author = {Hole, Steinar and Moe, Nils Brede},
    pages = {189--200},
    publisher = {Springer Berlin Heidelberg},
    url = {http://link.springer.com/10.1007/978-3-540-85936-9_17},
    address = {Berlin, Heidelberg},
    doi = {10.1007/978-3-540-85936-9{\_}17}
}

@article{Ray2017AGitHub,
    title = {{A large-scale study of programming languages and code quality in GitHub}},
    year = {2017},
    journal = {Communications of the ACM},
    author = {Ray, Baishakhi and Posnett, Daryl and Devanbu, Premkumar and Filkov, Vladimir},
    number = {10},
    month = {9},
    pages = {91--100},
    volume = {60},
    publisher = {ACM},
    url = {http://dl.acm.org/citation.cfm?doid=3144574.3126905},
    doi = {10.1145/3126905},
    issn = {00010782}
}

@inproceedings{Awar2017AIndustry,
    title = {{A model for applying Agile practices in Distributed environment: A case of local software industry}},
    year = {2017},
    booktitle = {2017 International Conference on Communication, Computing and Digital Systems (C-CODE)},
    author = {Awar, Khush Bakhat and Sameem, M. Shujah Islam and Hafeez, Yasir},
    month = {3},
    pages = {228--232},
    publisher = {IEEE},
    url = {http://ieeexplore.ieee.org/document/7918933/},
    isbn = {978-1-5090-4448-1},
    doi = {10.1109/C-CODE.2017.7918933}
}

@inproceedings{dosSantos2018AStudy,
    title = {{A scrum-based process to distributed projects in multidisciplinary teams: A case study}},
    year = {2018},
    booktitle = {Proceedings of the 13th Conference on Global Software Engineering  - ICGSE '18},
    author = {dos Santos, Leonardo Sanches and L'Erario, Alexandre and Pagotto, Tiago and Camilo, Joao Ricardo Moreno and Oliveira, Fabricio Sousa and Fabri, Jose Augusto},
    pages = {133--134},
    publisher = {ACM Press},
    url = {http://dl.acm.org/citation.cfm?doid=3196369.3196380},
    address = {New York, New York, USA},
    isbn = {9781450357173},
    doi = {10.1145/3196369.3196380}
}

@article{Maia2012APython,
    title = {{A static type inference for python}},
    year = {2012},
    journal = {Proc. of DYLA},
    author = {Maia, Eva and Moreira, Nelma and Reis, Rogério}
}

@article{CrowAddressingRNA-seq,
    title = {{Addressing the looming identity crisis in single cell RNA-seq}},
    author = {Crow, Megan and Paul, Anirban and Ballouz, Sara and Huang, Z Josh and Gillis, Jesse},
    url = {http://dx.doi.org/10.1101/150524},
    doi = {10.1101/150524}
}

@book{Cohn2005AgilePlanning,
    title = {{Agile Estimating and Planning}},
    year = {2005},
    author = {Cohn, Mike},
    publisher = {Prentice Hall PTR},
    address = {Upper Saddle River, NJ, USA},
    isbn = {0131479415}
}

@article{Holmstrom2006AgileDevelopment,
    title = {{Agile Practices Reduce Distance in Global Software Development}},
    year = {2006},
    journal = {Information Systems Management},
    author = {Holmstr{\"{o}}m, Helena and Fitzgerald, Brian and {\AA}gerfalk, Pär J. and Conch{\'{u}}ir, Eoin Ó.},
    number = {3},
    month = {6},
    pages = {7--18},
    volume = {23},
    publisher = { Taylor {\&} Francis Group },
    url = {http://www.tandfonline.com/doi/abs/10.1201/1078.10580530/46108.23.3.20060601/93703.2},
    doi = {10.1201/1078.10580530/46108.23.3.20060601/93703.2},
    issn = {1058-0530}
}

@inproceedings{Seckin2018AnTeams,
    title = {{An empirical study on scrum application patterns in distributed teams}},
    year = {2018},
    booktitle = {Proceedings of the 13th Conference on Global Software Engineering  - ICGSE '18},
    author = {Seckin, Ibrahim and Ovatman, Tolga},
    pages = {135--136},
    publisher = {ACM Press},
    url = {http://dl.acm.org/citation.cfm?doid=3196369.3196381},
    address = {New York, New York, USA},
    isbn = {9781450357173},
    doi = {10.1145/3196369.3196381}
}

@article{Hanenberg2014AnMaintainability,
    title = {{An empirical study on the impact of static typing on software maintainability}},
    year = {2014},
    journal = {Empirical Software Engineering},
    author = {Hanenberg, Stefan and Kleinschmager, Sebastian and Robbes, Romain and Tanter, Eric and Stefik, Andreas},
    number = {5},
    month = {10},
    pages = {1335--1382},
    volume = {19},
    publisher = {Springer US},
    url = {http://link.springer.com/10.1007/s10664-013-9289-1},
    doi = {10.1007/s10664-013-9289-1}
}

@book{Neter1996AppliedModels,
    title = {{Applied linear statistical models}},
    year = {1996},
    author = {Neter, John and Kutner, Michael H and Nachtsheim, Christopher J and Wasserman, William},
    volume = {4},
    publisher = {Irwin Chicago}
}

@misc{2012Astor,
    title = {{astor}},
    year = {2012},
    url = {https://github.com/berkerpeksag/astor}
}

@article{Lee2017AutomatedTransfer,
    title = {{Automated cell type discovery and classification through knowledge transfer}},
    year = {2017},
    journal = {Bioinformatics},
    author = {Lee, Hao Chih and Kosoy, Roman and Becker, Christine E. and Dudley, Joel T. and Kidd, Brian A.},
    isbn = {2076792171},
    doi = {10.1093/bioinformatics/btx054},
    issn = {14602059},
    pmid = {28158442},
    arxivId = {1611.06654}
}

@inproceedings{Paszke2017AutomaticPyTorch,
    title = {{Automatic Differentiation in PyTorch}},
    year = {2017},
    booktitle = {NIPS Autodiff Workshop},
    author = {Paszke, Adam and Gross, Sam and Chintala, Soumith and Chanan, Gregory and Yang, Edward and DeVito, Zachary and Lin, Zeming and Desmaison, Alban and Antiga, Luca and Lerer, Adam},
    address = { Long Beach, CA, USA}
}

@inproceedings{Korkala2007CommunicationStudy,
    title = {{Communication in Distributed Agile Development: A Case Study}},
    year = {2007},
    booktitle = {33rd EUROMICRO Conference on Software Engineering and Advanced Applications (EUROMICRO 2007)},
    author = {Korkala, Mikko and Abrahamsson, Pekka},
    month = {8},
    pages = {203--210},
    publisher = {IEEE},
    url = {http://ieeexplore.ieee.org/document/4301081/},
    isbn = {0-7695-2977-1},
    doi = {10.1109/EUROMICRO.2007.23}
}

@article{Weber2016ComparisonData,
    title = {{Comparison of clustering methods for high-dimensional single-cell flow and mass cytometry data}},
    year = {2016},
    journal = {Cytometry Part A},
    author = {Weber, Lukas M. and Robinson, Mark D.},
    number = {12},
    volume = {89},
    isbn = {1552-4930},
    doi = {10.1002/cyto.a.23030},
    issn = {15524930},
    pmid = {27992111}
}

@article{Weber2016ComparisonDatab,
    title = {{Comparison of clustering methods for high-dimensional single-cell flow and mass cytometry data}},
    year = {2016},
    journal = {Cytometry Part A},
    author = {Weber, Lukas M. and Robinson, Mark D.},
    number = {12},
    volume = {89},
    isbn = {1552-4930},
    doi = {10.1002/cyto.a.23030},
    issn = {15524930},
    pmid = {27992111}
}

@inproceedings{McKinney2010DataPython,
    title = {{Data Structures for Statistical Computing in Python}},
    year = {2010},
    booktitle = {Proceedings of the 9th Python in Science Conference},
    author = {McKinney, Wes},
    editor = {van der Walt, Stéfan and Millman, Jarrod},
    pages = {51 - 56}
}

@inproceedings{Hellendoorn2018DeepInference,
    title = {{Deep learning type inference}},
    year = {2018},
    booktitle = {Proceedings of the 2018 26th ACM Joint Meeting on European Software Engineering Conference and Symposium on the Foundations of Software Engineering  - ESEC/FSE 2018},
    author = {Hellendoorn, Vincent J. and Bird, Christian and Barr, Earl T. and Allamanis, Miltiadis},
    pages = {152--162},
    publisher = {ACM Press},
    url = {http://dl.acm.org/citation.cfm?doid=3236024.3236051},
    address = {New York, New York, USA},
    isbn = {9781450355735},
    doi = {10.1145/3236024.3236051},
    keywords = {Deep Learning, Naturalness, Type Inference}
}

@misc{Bacher2016DesignExperiments,
    title = {{Design and computational analysis of single-cell RNA-sequencing experiments}},
    year = {2016},
    booktitle = {Genome Biology},
    author = {Bacher, Rhonda and Kendziorski, Christina},
    isbn = {1474-760X (Electronic){\textbackslash}r1474-7596 (Linking)},
    doi = {10.1186/s13059-016-0927-y},
    issn = {1474760X},
    pmid = {27052890}
}

@misc{Bacher2016DesignExperimentsb,
    title = {{Design and computational analysis of single-cell RNA-sequencing experiments}},
    year = {2016},
    booktitle = {Genome Biology},
    author = {Bacher, Rhonda and Kendziorski, Christina},
    isbn = {1474-760X (Electronic){\textbackslash}r1474-7596 (Linking)},
    doi = {10.1186/s13059-016-0927-y},
    issn = {1474760X},
    pmid = {27052890}
}

@inproceedings{Vitousek2014DesignPython,
    title = {{Design and evaluation of gradual typing for python}},
    year = {2014},
    booktitle = {Proceedings of the 10th ACM Symposium on Dynamic languages - DLS '14},
    author = {Vitousek, Michael M. and Kent, Andrew M. and Siek, Jeremy G. and Baker, Jim and Vitousek, Michael M. and Kent, Andrew M. and Siek, Jeremy G. and Baker, Jim},
    number = {2},
    pages = {45--56},
    volume = {50},
    publisher = {ACM Press},
    url = {http://dl.acm.org/citation.cfm?doid=2661088.2661101},
    address = {New York (New York, USA)},
    isbn = {9781450332118},
    doi = {10.1145/2661088.2661101},
    keywords = {case study, gradual typing, proxy, python}
}

@inproceedings{Paasivaara2008DistributedProject,
    title = {{Distributed Agile Development: Using Scrum in a Large Project}},
    year = {2008},
    booktitle = {2008 IEEE International Conference on Global Software Engineering},
    author = {Paasivaara, Maria and Durasiewicz, Sandra and Lassenius, Casper},
    month = {8},
    pages = {87--95},
    publisher = {IEEE},
    url = {http://ieeexplore.ieee.org/document/4638656/},
    isbn = {978-0-7695-3280-6},
    doi = {10.1109/ICGSE.2008.38}
}

@inproceedings{Vax2008DistributedTogether,
    title = {{Distributed Agile: Growing a Practice Together}},
    year = {2008},
    booktitle = {Agile 2008 Conference},
    author = {Vax, Michael and Michaud, Stephen},
    pages = {310--314},
    publisher = {IEEE},
    url = {http://ieeexplore.ieee.org/document/4599497/},
    isbn = {978-0-7695-3321-6},
    doi = {10.1109/Agile.2008.44}
}

@inproceedings{Sutherland2007DistributedTeams,
    title = {{Distributed Scrum: Agile Project Management with Outsourced Development Teams}},
    year = {2007},
    booktitle = {2007 40th Annual Hawaii International Conference on System Sciences (HICSS'07)},
    author = {Sutherland, Jeff and Viktorov, Anton and Blount, Jack and Puntikov, Nikolai},
    pages = {274a-274a},
    publisher = {IEEE},
    url = {http://ieeexplore.ieee.org/document/4076936/},
    doi = {10.1109/HICSS.2007.180}
}

@misc{2018Docstring_parser,
    title = {{docstring{\_}parser}},
    year = {2018},
    url = {https://github.com/rr-/docstring_parser}
}

@article{Mikolov2013EfficientSpace,
    title = {{Efficient Estimation of Word Representations in Vector Space}},
    year = {2013},
    author = {Mikolov, Tomas and Chen, Kai and Corrado, Greg and Dean, Jeffrey},
    month = {1},
    url = {http://arxiv.org/abs/1301.3781},
    arxivId = {1301.3781}
}

@article{Salib2004FasterStarkiller,
    title = {{Faster than C: Static type inference with Starkiller}},
    year = {2004},
    journal = {PyCon Proceedings, Washington DC},
    author = {Salib, Michael},
    volume = {3}
}

@misc{2014Flow,
    title = {{Flow}},
    year = {2014},
    url = {https://flow.org/}
}

@article{Benoist2011FlowUp,
    title = {{Flow Cytometry, Amped Up}},
    year = {2011},
    journal = {Science},
    author = {Benoist, Christophe and Hacohen, Nir},
    number = {6030},
    pages = {677--678},
    volume = {332},
    publisher = {American Association for the Advancement of Science},
    url = {http://science.sciencemag.org/content/332/6030/677},
    doi = {10.1126/science.1206351},
    issn = {0036-8075}
}

@inproceedings{Lous2018FromTeam,
    title = {{From Scrum to Agile: A journey to tackle the challenges of distributed development in an agile team}},
    year = {2018},
    booktitle = {Proceedings of the 2018 International Conference on Software and System Process  - ICSSP '18},
    author = {Lous, Pernille and Tell, Paolo and Michelsen, Christian Bo and Dittrich, Yvonne and Ebdrup, Allan},
    pages = {11--20},
    publisher = {ACM Press},
    url = {http://dl.acm.org/citation.cfm?doid=3202710.3203149},
    address = {New York, New York, USA},
    isbn = {9781450364591},
    doi = {10.1145/3202710.3203149}
}

@inproceedings{Sutherland2009FullyTeams,
    title = {{Fully distributed scrum: Replicating local productivity and quality with offshore teams}},
    year = {2009},
    booktitle = {Proceedings of the 42nd Annual Hawaii International Conference on System Sciences, HICSS},
    author = {Sutherland, Jeff and Schoonheim, Guido and Rijk, Maurits},
    isbn = {9780769534503},
    doi = {10.1109/HICSS.2009.225}
}

@inproceedings{Sutherland2008FullyTeams,
    title = {{Fully Distributed Scrum: The Secret Sauce for Hyperproductive Offshored Development Teams}},
    year = {2008},
    booktitle = {Agile 2008 Conference},
    author = {Sutherland, Jeff and Schoonheim, Guido and Rustenburg, Eelco and Rijk, Maurits},
    pages = {339--344},
    publisher = {IEEE},
    url = {http://ieeexplore.ieee.org/document/4599502/},
    isbn = {978-0-7695-3321-6},
    doi = {10.1109/Agile.2008.92}
}

@article{Li2016GatingLearning,
    title = {{Gating mass cytometry data by deep learning Gating mass cytometry data by deep learning Gating mass cytometry data by deep learning}},
    year = {2016},
    author = {Li, Huamin and Shaham, Uri and Stanton, Kelly P and Yao, Yi and Montgomery, Ruth and Kluger, Yuval},
    url = {http://dx.doi.org/10.1101/054411},
    doi = {10.1101/054411},
    keywords = {CyTOF, FCM, automatic gating, deep learning, domain adaptation}
}

@inproceedings{Kahya2018GeographicalCompany,
    title = {{Geographical Distance Challenges in Distributed Agile Software Development: Case Study of a Global Company}},
    year = {2018},
    booktitle = {2018 3rd International Conference on Computer Science and Engineering (UBMK)},
    author = {Kahya, Murat Dogus and Seneler, Cagla},
    month = {9},
    pages = {78--83},
    publisher = {IEEE},
    url = {https://ieeexplore.ieee.org/document/8566591/},
    isbn = {978-1-5386-7893-0},
    doi = {10.1109/UBMK.2018.8566591}
}

@misc{2008GitPython,
    title = {{GitPython}},
    year = {2008},
    url = {https://github.com/gitpython-developers/GitPython}
}

@misc{2014HackLang,
    title = {{HackLang}},
    year = {2014},
    url = {https://hacklang.org/}
}

@misc{2019Interactive:Languages,
    title = {{Interactive: The Top Programming Languages}},
    year = {2019},
    booktitle = {IEEE Spectrum},
    url = {https://spectrum.ieee.org/static/interactive-the-top-programming-languages-2019}
}

@misc{TensorFlowTeam2017IntroducingColumns,
    title = {{Introducing TensorFlow Feature Columns}},
    year = {2017},
    booktitle = {Google Developers Blog},
    author = {{TensorFlow Team}},
    url = {https://developers.googleblog.com/2017/11/introducing-tensorflow-feature-columns.html}
}

@inproceedings{Gupta2019KeyOrganization,
    title = {{Key Factors in Scaling up Agile Team in Matrix Organization}},
    year = {2019},
    booktitle = {Proceedings of the 12th Innovations on Software Engineering Conference (formerly known as India Software Engineering Conference)  - ISEC'19},
    author = {Gupta, Rajeev Kumar and Jain, Shivani and Singh, Bharat and Jha, Sanjay Kumar},
    pages = {1--5},
    publisher = {ACM Press},
    url = {http://dl.acm.org/citation.cfm?doid=3299771.3299793},
    address = {New York, New York, USA},
    isbn = {9781450362153},
    doi = {10.1145/3299771.3299793}
}

@inproceedings{Cho2014LearningTranslation,
    title = {{Learning phrase representations using RNN encoder-decoder for statistical machine translation}},
    year = {2014},
    booktitle = {EMNLP 2014 - 2014 Conference on Empirical Methods in Natural Language Processing, Proceedings of the Conference},
    author = {Cho, Kyunghyun and Van Merri{\"{e}}nboer, Bart and Gulcehre, Caglar and Bahdanau, Dzmitry and Bougares, Fethi and Schwenk, Holger and Bengio, Yoshua},
    pages = {1724--1734},
    publisher = {Association for Computational Linguistics (ACL)},
    isbn = {9781937284961},
    doi = {10.3115/v1/d14-1179},
    arxivId = {1406.1078}
}

@inproceedings{Gers1999LearningLSTM,
    title = {{Learning to forget: continual prediction with LSTM}},
    year = {1999},
    booktitle = {9th International Conference on Artificial Neural Networks: ICANN '99},
    author = {Gers, F.A. and Schmidhuber, J. and Cummins, F.},
    pages = {850--855},
    volume = {1999},
    publisher = {IEE},
    url = {https://digital-library.theiet.org/content/conferences/10.1049/cp_19991218},
    isbn = {0 85296 721 7},
    doi = {10.1049/cp:19991218}
}

@article{Hochreiter1997LongMemory,
    title = {{Long Short-Term Memory}},
    year = {1997},
    journal = {Neural Computation},
    author = {Hochreiter, Sepp and Schmidhuber, Jürgen},
    number = {8},
    month = {11},
    pages = {1735--1780},
    volume = {9},
    publisher = {MIT Press Journals},
    doi = {10.1162/neco.1997.9.8.1735},
    issn = {08997667},
    pmid = {9377276}
}

@incollection{Hassan2018MaxSMT-Based3,
    title = {{MaxSMT-Based Type Inference for Python 3}},
    year = {2018},
    author = {Hassan, Mostafa and Urban, Caterina and Eilers, Marco and M{\"{u}}ller, Peter},
    month = {7},
    pages = {12--19},
    publisher = {Springer, Cham},
    url = {http://link.springer.com/10.1007/978-3-319-96142-2_2},
    doi = {10.1007/978-3-319-96142-2{\_}2}
}

@incollection{Hassan2018MaxSMT-Based3b,
    title = {{MaxSMT-Based Type Inference for Python 3}},
    year = {2018},
    author = {Hassan, Mostafa and Urban, Caterina and Eilers, Marco and M{\"{u}}ller, Peter},
    month = {7},
    pages = {12--19},
    publisher = {Springer, Cham},
    url = {http://link.springer.com/10.1007/978-3-319-96142-2_2},
    doi = {10.1007/978-3-319-96142-2{\_}2}
}

@incollection{Hassan2018MaxSMT-Based3c,
    title = {{MaxSMT-Based Type Inference for Python 3}},
    year = {2018},
    booktitle = {CAV (2), volume 10982 of Lecture Notes in Computer Science},
    author = {Hassan, Mostafa and Urban, Caterina and Eilers, Marco and M{\"{u}}ller, Peter},
    month = {7},
    pages = {12--19},
    publisher = {Springer, Cham},
    url = {http://link.springer.com/10.1007/978-3-319-96142-2_2}
}

@article{Pyne2009MAYBEAnalysis,
    title = {{MAYBE Automated high-dimensional flow cytometric data analysis}},
    year = {2009},
    journal = {Proceedings of the National Academy of Sciences},
    author = {Pyne, S. and Hu, X. and Wang, K. and Rossin, E. and Lin, T.-I and Maier, L. M. and Baecher-Allan, C. and McLachlan, G. J. and Tamayo, P. and Hafler, D. A. and De Jager, P. L. and Mesirov, J. P.},
    isbn = {1091-6490 (Electronic){\textbackslash}r0027-8424 (Linking)},
    doi = {10.1073/pnas.0903028106},
    pmid = {19443687}
}

@article{Andrews2017ModellingExperiments,
    title = {{Modelling dropouts for feature selection in scRNASeq experiments}},
    year = {2017},
    journal = {bioRxiv},
    author = {Andrews, Tallulah S and Hemberg, Martin},
    publisher = {Cold Spring Harbor Laboratory},
    url = {https://www.biorxiv.org/content/early/2017/05/25/065094},
    doi = {10.1101/065094}
}

@misc{2012Mypy,
    title = {{mypy}},
    year = {2012},
    url = {http://mypy-lang.org/}
}

@book{Bird2009NaturalPython,
    title = {{Natural Language Processing with Python}},
    year = {2009},
    author = {Bird, Steven and Klein, Ewan and Loper, Edward},
    edition = {1st},
    publisher = {O'Reilly Media, Inc.},
    isbn = {0596516495, 9780596516499}
}

@inproceedings{Malik2019NL2Type:Information,
    title = {{NL2Type: Inferring JavaScript Function Types from Natural Language Information}},
    year = {2019},
    booktitle = {2019 IEEE/ACM 41st International Conference on Software Engineering (ICSE)},
    author = {Malik, Rabee Sohail and Patra, Jibesh and Pradel, Michael},
    month = {5},
    pages = {304--315},
    publisher = {IEEE},
    url = {https://ieeexplore.ieee.org/document/8811893/},
    isbn = {978-1-7281-0869-8},
    doi = {10.1109/ICSE.2019.00045},
    keywords = {JavaScript, comments, deep learning, identifiers, type inference}
}

@inproceedings{Hindle2012OnSoftware,
    title = {{On the naturalness of software}},
    year = {2012},
    booktitle = {2012 34th International Conference on Software Engineering (ICSE)},
    author = {Hindle, Abram and Barr, Earl T. and Su, Zhendong and Gabel, Mark and Devanbu, Premkumar},
    month = {6},
    pages = {837--847},
    publisher = {IEEE},
    url = {http://ieeexplore.ieee.org/document/6227135/},
    isbn = {978-1-4673-1066-6},
    doi = {10.1109/ICSE.2012.6227135}
}

@inproceedings{Xu2016PythonSupport,
    title = {{Python probabilistic type inference with natural language support}},
    year = {2016},
    booktitle = {Proceedings of the 2016 24th ACM SIGSOFT International Symposium on Foundations of Software Engineering - FSE 2016},
    author = {Xu, Zhaogui and Zhang, Xiangyu and Chen, Lin and Pei, Kexin and Xu, Baowen},
    pages = {607--618},
    publisher = {ACM Press},
    url = {http://dl.acm.org/citation.cfm?doid=2950290.2950343},
    address = {New York, New York, USA},
    isbn = {9781450342186},
    doi = {10.1145/2950290.2950343},
    keywords = {Dynamic Languages, Probabilistic Inference, Python, Type Inference}
}

@article{Jiang2016QualitySinQC,
    title = {{Quality control of single-cell RNA-seq by SinQC}},
    year = {2016},
    journal = {Bioinformatics},
    author = {Jiang, Peng and Thomson, James A. and Stewart, Ron},
    number = {16},
    volume = {32},
    doi = {10.1093/bioinformatics/btw176},
    issn = {14602059},
    pmid = {27153613}
}

@misc{2017Retype,
    title = {{retype}},
    year = {2017},
    url = {https://github.com/ambv/retype}
}

@inproceedings{Paasivaara2016ScalingStudy,
    title = {{Scaling Scrum in a Large Globally Distributed Organization: A Case Study}},
    year = {2016},
    booktitle = {2016 IEEE 11th International Conference on Global Software Engineering (ICGSE)},
    author = {Paasivaara, Maria and Lassenius, Casper},
    month = {8},
    pages = {74--83},
    publisher = {IEEE},
    url = {http://ieeexplore.ieee.org/document/7577422/},
    isbn = {978-1-5090-2680-7},
    doi = {10.1109/ICGSE.2016.34}
}

@article{Kiselev2017ScmapData,
    title = {{scmap - A tool for unsupervised projection of single cell RNA-seq data}},
    year = {2017},
    journal = {bioRxiv},
    author = {Kiselev, Vladimir Yu. and Yiu, Andrew and Hemberg, Martin},
    publisher = {Cold Spring Harbor Laboratory},
    url = {https://www.biorxiv.org/content/early/2017/11/29/150292},
    doi = {10.1101/150292}
}

@article{Bose2018SEEAnalysis,
    title = {{SEE NOTES ||| Lessons Learned from Distributed Agile Software Projects: A Case-Based Analysis}},
    year = {2018},
    journal = {Communications of the Association for Information Systems},
    author = {Bose, Indranil},
    month = {11},
    volume = {23},
    publisher = {Association for Information Systems},
    doi = {10.17705/1cais.02334}
}

@inproceedings{Khmelevsky2017SoftwareTeams,
    title = {{Software development using agile and scrum in distributed teams}},
    year = {2017},
    booktitle = {2017 Annual IEEE International Systems Conference (SysCon)},
    author = {Khmelevsky, Youry and Li, Xitong and Madnick, Stuart},
    month = {4},
    pages = {1--4},
    publisher = {IEEE},
    url = {http://ieeexplore.ieee.org/document/7934766/},
    isbn = {978-1-5090-4623-2},
    doi = {10.1109/SYSCON.2017.7934766}
}

@inproceedings{Rehurek2010SoftwareCorpora,
    title = {{Software Framework for Topic Modelling with Large Corpora}},
    year = {2010},
    booktitle = {Proceedings of the LREC 2010 Workshop on New Challenges for NLP Frameworks},
    author = {{\v{R}}eh u{\v{r}}ek, Radim and Sojka, Petr},
    month = {5},
    pages = {45--50},
    publisher = {ELRA},
    address = {Valletta, Malta},
    language = {English}
}

@inproceedings{Dong2014StaticPython,
    title = {{Static Type Analysis for Python}},
    year = {2014},
    booktitle = {2014 11th Web Information System and Application Conference},
    author = {Dong, Tiancong and Chen, Lin and Xu, Zhaogui and Yu, Bin},
    month = {9},
    pages = {65--68},
    publisher = {IEEE},
    url = {http://ieeexplore.ieee.org/document/7057989/},
    isbn = {978-1-4799-5726-2},
    doi = {10.1109/WISA.2014.20}
}

@inproceedings{Meijer2004StaticLanguages,
    title = {{Static Typing Where Possible , Dynamic Typing When Needed : The End of the Cold War Between Programming Languages}},
    year = {2004},
    booktitle = {OOPSLA’04 Workshop on Revival of Dynamic Languages, 2004},
    author = {Meijer, Erik and Drayton, Peter},
    address = {New York, NY, USA}
}

@article{vanderWalt2011TheComputation,
    title = {{The NumPy Array: A Structure for Efficient Numerical Computation}},
    year = {2011},
    journal = {Computing in Science {\&} Engineering},
    author = {van der Walt, Stéfan and Colbert, S Chris and Varoquaux, Gaël},
    number = {2},
    month = {3},
    pages = {22--30},
    volume = {13},
    url = {http://ieeexplore.ieee.org/document/5725236/},
    doi = {10.1109/MCSE.2011.37},
    issn = {1521-9615}
}

@article{MacLachlan1992TheLisp,
    title = {{The python compiler for cmu common lisp}},
    year = {1992},
    journal = {ACM SIGPLAN Lisp Pointers},
    author = {MacLachlan, Robert A},
    number = {1},
    pages = {235--246},
    publisher = {ACM}
}

@misc{2012TypeScript,
    title = {{TypeScript}},
    year = {2012},
    url = {https://www.typescriptlang.org/}
}

@inproceedings{Paasivaara2009UsingStudy,
    title = {{Using Scrum in Distributed Agile Development: A Multiple Case Study}},
    year = {2009},
    booktitle = {2009 Fourth IEEE International Conference on Global Software Engineering},
    author = {Paasivaara, Maria and Durasiewicz, Sandra and Lassenius, Casper},
    month = {7},
    pages = {195--204},
    publisher = {IEEE},
    url = {http://ieeexplore.ieee.org/document/5196933/},
    isbn = {978-0-7695-3710-8},
    doi = {10.1109/ICGSE.2009.27}
}

@inproceedings{Pries-Heje2011WhyIndia,
    title = {{Why Scrum Works: A Case Study from an Agile Distributed Project in Denmark and India}},
    year = {2011},
    booktitle = {2011 AGILE Conference},
    author = {Pries-Heje, Lene and Pries-Heje, Jan},
    month = {8},
    pages = {20--28},
    publisher = {IEEE},
    url = {http://ieeexplore.ieee.org/document/6005502/},
    isbn = {978-1-61284-426-8},
    doi = {10.1109/AGILE.2011.34}
}